<record><leader>00000cas a22000007a 4500</leader><controlfield tag="001">27866432</controlfield><controlfield tag="008">930406d18901918scucr ne      0    0eng d</controlfield><datafield ind1=" " ind2=" " tag="010"><subfield code="a">sn 93067677 </subfield></datafield><datafield ind1=" " ind2=" " tag="040"><subfield code="a">SVN</subfield><subfield code="b">eng</subfield><subfield code="c">SVN</subfield><subfield code="d">OCLCQ</subfield></datafield><datafield ind1=" " ind2=" " tag="042"><subfield code="a">msc</subfield></datafield><datafield ind1="0" ind2=" " tag="130"><subfield code="a">Peoples advocate (Anderson, S.C.)</subfield></datafield><datafield ind1="1" ind2="4" tag="245"><subfield code="a">The peoples advocate.</subfield></datafield><datafield ind1=" " ind2=" " tag="260"><subfield code="a">Anderson, S.C. :</subfield><subfield code="b">Advocate Pub. Co.</subfield></datafield><datafield ind1=" " ind2=" " tag="300"><subfield code="a">v.</subfield></datafield><datafield ind1=" " ind2=" " tag="310"><subfield code="a">Semiweekly,</subfield><subfield code="b">&lt;1908&gt; - &lt;1915&gt;</subfield></datafield><datafield ind1=" " ind2=" " tag="321"><subfield code="a">Weekly,</subfield><subfield code="b">&lt;1890&gt; - &lt;1904&gt;</subfield></datafield><datafield ind1="0" ind2=" " tag="362"><subfield code="a">Vol. 1, no. 1 (Nov. 3, 1890)-</subfield></datafield><datafield ind1="1" ind2=" " tag="362"><subfield code="a">Ceased in 1918?</subfield></datafield><datafield ind1=" " ind2="4" tag="651"><subfield code="a">Anderson County (S.C.)</subfield><subfield code="v">Newspapers.</subfield></datafield><datafield ind1=" " ind2=" " tag="752"><subfield code="a">United States</subfield><subfield code="b">South Carolina</subfield><subfield code="c">Anderson</subfield><subfield code="d">Anderson.</subfield></datafield><datafield ind1="0" ind2=" " tag="775"><subfield code="t">Anderson daily mail</subfield><subfield code="w">(DLC)sn 85042526</subfield></datafield><datafield ind1="1" ind2=" " tag="029"><subfield code="a">AU@</subfield><subfield code="b">000020746455</subfield></datafield></record>